<record><leader>00000cas a2200000 a 4500</leader><controlfield tag="001">9904399</controlfield><controlfield tag="008">830913d18uu1861nyuwr ne      0    0eng c</controlfield><datafield ind1=" " ind2=" " tag="010"><subfield code="a">sn 83031587 </subfield></datafield><datafield ind1=" " ind2=" " tag="040"><subfield code="a">NPU</subfield><subfield code="b">eng</subfield><subfield code="c">NPU</subfield><subfield code="d">NPX</subfield><subfield code="d">NYS</subfield><subfield code="d">OCL</subfield><subfield code="d">NYS</subfield><subfield code="d">OCLCQ</subfield><subfield code="d">OCLCF</subfield><subfield code="d">OCLCO</subfield><subfield code="d">AQM</subfield></datafield><datafield ind1="1" ind2=" " tag="029"><subfield code="a">AU@</subfield><subfield code="b">000020227287</subfield></datafield><datafield ind1=" " ind2=" " tag="042"><subfield code="a">pcc</subfield></datafield><datafield ind1=" " ind2=" " tag="043"><subfield code="a">n-us-ny</subfield></datafield><datafield ind1="0" ind2="0" tag="245"><subfield code="a">Lansingburgh Democrat.</subfield></datafield><datafield ind1=" " ind2=" " tag="260"><subfield code="a">Lansingburgh, N.Y. :</subfield><subfield code="b">W.J. Lamb</subfield></datafield><datafield ind1=" " ind2=" " tag="300"><subfield code="a">v. ;</subfield><subfield code="c">61 cm.</subfield></datafield><datafield ind1=" " ind2=" " tag="310"><subfield code="a">Weekly</subfield></datafield><datafield ind1="0" ind2=" " tag="362"><subfield code="a">-v. 25, no. 14 (Apr. 6, 1861).</subfield></datafield><datafield ind1=" " ind2=" " tag="500"><subfield code="a">Lansingburgh, N.Y. was incorporated into Troy, N.Y.</subfield></datafield><datafield ind1=" " ind2=" " tag="500"><subfield code="a">Editor: William J. Lamb, &lt;1850-1857&gt;.</subfield></datafield><datafield ind1=" " ind2=" " tag="588"><subfield code="a">Description based on: Vol. 7, no. 1 (Feb 7, 1844).</subfield></datafield><datafield ind1=" " ind2="0" tag="651"><subfield code="a">Troy (N.Y.)</subfield><subfield code="v">Newspapers.</subfield></datafield><datafield ind1=" " ind2="0" tag="651"><subfield code="a">Lansingburgh (N.Y.)</subfield><subfield code="v">Newspapers.</subfield></datafield><datafield ind1=" " ind2="0" tag="651"><subfield code="a">Rensselaer County (N.Y.)</subfield><subfield code="v">Newspapers.</subfield></datafield><datafield ind1=" " ind2="7" tag="651"><subfield code="a">New York (State)</subfield><subfield code="z">Lansingburgh.</subfield><subfield code="2">fast</subfield><subfield code="0">(OCoLC)fst01215781</subfield></datafield><datafield ind1=" " ind2="7" tag="651"><subfield code="a">New York (State)</subfield><subfield code="z">Rensselaer County.</subfield><subfield code="2">fast</subfield><subfield code="0">(OCoLC)fst01211827</subfield></datafield><datafield ind1=" " ind2="7" tag="651"><subfield code="a">New York (State)</subfield><subfield code="z">Troy.</subfield><subfield code="2">fast</subfield><subfield code="0">(OCoLC)fst01202806</subfield></datafield><datafield ind1=" " ind2="7" tag="655"><subfield code="a">Newspapers.</subfield><subfield code="2">fast</subfield><subfield code="0">(OCoLC)fst01423814</subfield></datafield><datafield ind1=" " ind2="7" tag="655"><subfield code="a">Newspapers.</subfield><subfield code="2">rbgenr</subfield></datafield><datafield ind1=" " ind2=" " tag="752"><subfield code="a">United States</subfield><subfield code="b">New York</subfield><subfield code="c">Rensselaer</subfield><subfield code="d">Troy.</subfield></datafield><datafield ind1=" " ind2=" " tag="752"><subfield code="a">United States</subfield><subfield code="b">New York</subfield><subfield code="c">Rensselaer</subfield><subfield code="d">Lansingburgh.</subfield></datafield><datafield ind1="0" ind2="0" tag="780"><subfield code="t">Democratic press (Lansingburgh, N.Y.)</subfield><subfield code="w">(DLC)sn 87070135</subfield></datafield><datafield ind1="0" ind2="0" tag="785"><subfield code="t">New advertiser</subfield><subfield code="w">(DLC)sn 87070137</subfield></datafield></record>